@inproceedings{wodecki2016condition,
  title={Condition monitoring of loading-haulage-dumping machines based on long-term analysis of temperature data},
  author={Wodecki, Jacek and Stefaniak, Pawe{\l} and {\'S}liwi{\'n}ski, Pawe{\l} and Andrzejewski, Marek},
  booktitle={SGEM2016 Conference Proceedings},
  volume={2},
  pages={157--164},
  year={2016}
}

@article{sawicki2015automatic,
  title={An automatic procedure for multidimensional temperature signal analysis of a SCADA system with application to belt conveyor components},
  author={Sawicki, Mateusz and Zimroz, Radoslaw and Wy{\l}oma{\'n}ska, Agnieszka and Obuchowski, Jakub and Stefaniak, Pawel and {\.Z}ak, Grzegorz},
  journal={Procedia Earth and Planetary Science},
  volume={15},
  pages={781--790},
  year={2015},
  publisher={Elsevier}
}

@article{yang2013data,
  title={Data-driven technique for interpreting wind turbine condition monitoring signals},
  author={Yang, Wenxian and Little, Christian and Tavner, Peter J and others},
  journal={IET Renewable Power Generation},
  volume={8},
  number={2},
  pages={151--159},
  year={2013},
  publisher={IET}
}

@article{guo2012wind,
  title={Wind turbine generator condition-monitoring using temperature trend analysis},
  author={Guo, Peng and Infield, David and Yang, Xiyun},
  journal={IEEE Transactions on sustainable energy},
  volume={3},
  number={1},
  pages={124--133},
  year={2012},
  publisher={IEEE}
}

@article{astolfi2014fault,
  title={Fault prevention and diagnosis through SCADA temperature data analysis of an onshore wind farm},
  author={Astolfi, Davide and Castellani, Francesco and Terzi, Ludovico},
  journal={Diagnostyka},
  volume={15},
  number={2},
  pages={71--78},
  year={2014}
}

@article{yang2013wind,
title = {Wind turbine condition monitoring by the approach of SCADA data analysis},
author = {Yang, Wenxian and Court, Richard and Jiang, Jiesheng},
year = {2013},
journal = {Renewable Energy},
volume = {53},
number = {C},
pages = {365-376},
publisher={Elsevier}
}

@article{nembhard2013fault,
  title={Fault diagnosis of rotating machines using vibration and bearing temperature measurements},
  author={Nembhard, AD and Sinha, JK and Pinkerton, AJ and Elbhbah, K},
  journal={Diagnostyka},
  volume={14},
  number={3},
  pages={45--51},
  year={2013}
}

@article{crossman2003automotive,
  title={Automotive signal fault diagnostics-part I: signal fault analysis, signal segmentation, feature extraction and quasi-optimal feature selection},
  author={Crossman, Jacob A and Guo, Hong and Murphey, Yi Lu and Cardillo, John},
  journal={IEEE Transactions on Vehicular Technology},
  volume={52},
  number={4},
  pages={1063--1075},
  year={2003},
  publisher={IEEE}
}

@InProceedings{wylomanska2015analysis,
author="Wy{\l}oma{\'{n}}ska, Agnieszka
and Zimroz, Rados{\l}aw",
title="The Analysis of Stochastic Signal from LHD Mining Machine",
booktitle="Stochastic Models, Statistics and Their Applications",
year="2015",
publisher="Springer International Publishing",
address="Cham",
pages="469--478",
}

@article{peter1985kernel,
  title={Kernel estimation of a distribution function},
  author={Peter D, Hill},
  journal={Communications in Statistics-Theory and Methods},
  volume={14},
  number={3},
  pages={605--620},
  year={1985},
  publisher={Taylor \& Francis}
}

@book{silverman1986density,
  title={Density estimation for statistics and data analysis},
  author={Silverman, Bernard W},
  volume={26},
  year={1986},
  publisher={CRC press}
}

@article{choi2003feature,
  title={Feature extraction based on the Bhattacharyya distance},
  author={Choi, Euisun and Lee, Chulhee},
  journal={Pattern Recognition},
  volume={36},
  number={8},
  pages={1703--1709},
  year={2003},
  publisher={Elsevier}
}

@article{mana2017wind,
  title={Wind turbine fault diagnosis through temperature analysis: an artificial neural network approach},
  author={Mana, Matteo and Piccioni, Emanuele and Terzi, Ludovico},
  journal={Diagnostyka},
  volume={18},
  year={2017}
}

@incollection{kruczek2017fault,
  title={Fault Detection in Belt Conveyor Drive Unit via Multiple Source Data},
  author={Kruczek, Piotr and Soko{\l}owski, Jakub and Obuchowski, Jakub and Sawicki, Mateusz and Wy{\l}oma{\'n}ska, Agnieszka and Zimroz, Rados{\l}aw},
  booktitle={Cyclostationarity: Theory and Methods III},
  pages={173--186},
  year={2017},
  publisher={Springer}
}

@article{wodecki2017technical,
author = {Jacek Wodecki and Paweł Stefaniak and Anna Michalak and Agnieszka Wy{\l}oma{\'n}ska and Rados{\l}aw Zimroz},
title = {Technical condition change detection using Anderson–Darling statistic approach for LHD machines – engine overheating problem},
journal = {International Journal of Mining, Reclamation and Environment},
volume = {0},
number = {0},
pages = {1-9},
year  = {2017},
publisher = {Taylor & Francis},
doi = {10.1080/17480930.2017.1388336},
}